@Article{Brechbuhler95,
  author	= "C. Brechbuhler and G. Gerig and O. Kubler",
  title		= "Parameterization of clsed surfaces for 3D shape description",
  year		= 1995,
  journal	= "Computer Vision, Graphics, Image Processing: Image Understanding"
}

@Book{Schlittgen09,
  author="R. Schlittgen",
  title="Kevin Kim, Neil Timm: Univariate and Multivariate General Linear Models Theory and Applications with SAS; Second Edition",
  publisher="Statistical Papers",
  year=2009,
  month="March"
}

@misc{ CMake,
       author = "Cmake Org.",
       title = "www.CMake.org",
       year = "2009" }

@Article{Styner06,
  author	= "M. Styner and I. Oguz and S. Xu1 and C. Brechbuhler and D. Pantazis and J. Levitt and M. Shenton and G. Gerig",
  title		= "Framework for the Statistical Shape Analysis of Brain Structures using SPHARM-PDM",
  year		= 2006,
  month		= "July",
  journal	= "Insight Journal"
}

@Article{Nettleton00,
  author	= "D. Nettleton and R.W. Doerge",
  title		= "Accounting for variability in the use of permutation testing to detect quantitative trait loci.",
  year		= 2000,
  journal	= "Biometrics",
  volume="56",
  number="1",
  pages="52-58"
}

@Article{Genovese02,
  author	= "C.R. Genovese and  N.A. Lazar and T. Nichols",
  title		= "Thresholding of statistical maps in functional neuroimaging using the false discovery rate",
  year		= 2002,
  month		= "April",
  journal	= "Neuroimage",
  volume="15",
  number="4",
  pages="870-8"
}


@Article{Oguz06,
  author	= "I. Oguz and G. Gerig and S. Barre and M. Styner",
  title		= "KWMeshVisu: A Mesh Visualization Tool for Shape Analysis",
  year		= 2006,
  month		= "July",
  journal	= "Insight Journal"
}

@Article{Styner03,
  author	= "M. Styner and J.A. Lieberman and G. Gerig",
  title		= "Boundary and Medial Shape Analysis of the Hippocampus in Schizophrenia",
  year		= 2003,
  journal	= "MICCAI 2003"
}

@Article{Styner03_2,
  author	= "M. Styner and G. Gerig and J.A. Lieberman and D. Jones and D. Weinberger",
  title		= "Statistical shape analysis of neuroanatomical structures based on medial models",
  year		= 2003,
  journal	= "Medical Image Analysis"
}

@Article{Davatzikos96,
  author	= "C. Davatzikos and M. Vaillant and S. Resnick and J.L. Prince and S. Letovsky and R.N. Bryan",
  title		= "A computerized method for morphological analysis of the corpus callosum",
  month         = "January",
  year		= 1996,
  journal	= "Journal of Computer Assisted Tomography"
}

@Article{Csernansky98,
  author	= "J.G. Csernansky and S. Joshi and L.E. Wang and J. Haller and M. Gado and J.P. Miller and U. Granander and M.I. Miller",
  title		= "Hippocampal morphometry in schizophrenia via high dimensional brain mapping",
  month         = "September",
  year		= 1998,
  journal	= "Procedings of the National Academy of Sciences"
}

@Article{Csernansky02,
  author	= "J.G. Csernansky and S. D.J. Wang and L. Jones and D. Rastogi-Cru and G. Posener and J.A. Heydebrand and J.P. Miller and U. Granander and M.I. Miller",
  title		= "Hippocampal deformities in schizophrenia characterized by high dimensional brain mapping",
  month         = "December",
  year		= 2002,
  journal	= "American Journal of Psichiatry"
}

@Article{Joshi97,
  author	= "S. Joshi and M. Miller and U. Grenander",
  title		= "On the geometry and shape of brain sub-manifolds",
  year		= 1997,
  journal	= "Pattern Recognition and Artificial Intelligence"
}
    
@Book{Seber03,
  author="G.A.F. Seber and A.J. Lee",
  title="Linear Regression Analysis, 2nd Edition",
  publisher="Wiley Series in Probability and Statistics",
  year=2003,
  pages="82 pages",
  month="February"
}

@Book{Seber04,
  author="G.A.F. Seber",
  title="Multivariate Observations",
  publisher="Wiley Series in Probability and Statistics",
  year=2004,
  pages="686 pages",
  month="August"
}

@Book{Thompson42,
  author="D. Thompson",
  title="On Growth and Form",
  publisher="Cambridge University Press",
  year=1942
}

@Article{Pizer99,
  author	= "S. Pizer and D. Fritsch and P. Yushkevich and V. Johnson and E. Chaney",
  title		= "Segmentation, registration and measurement of shape variation via image object shape",
  month         = "October",
  year		= 1999,
  journal	= "IEEE Transactions in Medical Imaging"
}

@Article{Golland99,
  author	= "P. Golland and W.E.L. Grimson and R. Kikinis",
  title		= "Statistical shape analysis using fixed topology skeletons: Corpus callosum study",  
  year		= 1999,
  journal	= "Information Processing in Medical Imaging"
}

@Article{FDR1995,
  author = 	 {Y. Benjamini, Y. Hochberg},
  title = 	 {Controlling False Discovery Rate: A practical and powerful approach to multiple testing},
  journal = 	 {Stat. Soc. Ser. B},
  year = 	 {1995},
  number = 	 {57},
  volume = 	 {1},
  pages = 	 {289-300}
}

@Article{FDR2002,
  author = 	 {Genovese, C.R. and Lazar, N.A. and Nichols,T.},
  title = 	 {Thresholding of Statistical Maps in Functional Neuroimaging Using the False Discovery Rate},
  journal = 	 {NeuroImage},
  year = 	 {2002},
  number = 	 {15},
  volume = 	 {1},
  pages = 	 {870 - 878}
}

@Book{edgington1995,
  editor =	 {E. S. Edgington},
  title = 	 {Randomization Tests},
  publisher = 	 {Academic Press},
  year = 	 1995
}

@Article{worsley1996,
  author = 	 {K. J. Worsley and S. Marrett and P. Neelin and A. C. Vandal and K. J. Friston and A. C. Evans},
  title = 	 {A unified statistical approach for determining significant signals in images of cerebral activation},
  journal = 	 {Human Brain Mapping},
  year = 	 {1996},
  volume = 	 {4},
  pages = 	 {58-73}
}

@PhdThesis{chung2001,
  author = 	 {M.K. Chung},
  title = 	 {Statistical Morphometry in Neuroanatomy},
  school = 	 {McGill University, Montreal},
  year = 	 2001
}

@article{sowell1999,
  author =	 {E.R. Sowell and P.M. Thompson and C.J. Holmes and T. L. Jernigan and A. W. Toga},
  title =	 {In Vivo Evidence for Post-Adolescent Frontal and Striatal Maturation},
  journal =	 {Nature Neuroscience},
  month = {Sept./ Oct.},
  year =	 "1999"
}

@InProceedings{pantazis2003,
  author =	 {D. Pantazis and T. E. Nichols and S. Baillet and R. M. Leahy},
  title =	 {Spatiotemporal Localization of Significant Activation in MEG Using Permutation Tests},
  booktitle =	 {Information Processing in Medical Imaging},
  pages =	 {512-523},
  year =	 2003
}

@InProceedings{PantazisISBI04,
  author = 	 {D. Pantazis and R.M. Leahy and T.E. Nichol and M. Styner},
  title = 	 {Statistical Surface-Based Morphometry using a Non-parametric Approach},
  booktitle = 	 {Int. Symposium on Biomedical Imaging(ISBI)},  
  year = 	 {2004},
  month = 	 {April},
  pages = {1283-1286}
}

@Article{Nichols2001,
  author = 	 {Nichols, T.E. and Holmes, A.P.},
  title = 	 {Nonparametric Analysis of PET functional Neuroimaging Experiments: A Primer with Examples},
  journal = 	 {Hum Brain Mapp},
  OPTjournal = 	 {Human Brain Mapping},
  year = 	 {2001},
  OPTkey = 	 {},
  volume = 	 {1},
  number = 	 {15},
  pages = 	 {1-25},
  month = 	 {Jan},
  OPTnote = 	 {},
  OPTannote = 	 {}
}

@Article{Styner03MedIA,
  author = 	 {Styner, M. and Gerig, G. and Lieberman, J. and Jones, D. and Weinberger, D.},
  title = 	 {Statistical Shape Analysis of Neuroanatomical Structures Based on Medial Models},
  journal = 	 {Medical Image Analysis},
  year = 	 {2003},
  number = 	 {3},
  volume =       7,
  pages = 	 {207--220}
}

@Article{Styner04MedIA, 
  author = 	 {Styner, M. and Lieberman, J.A. and Pantazis, D. and Gerig, G.},
  title = 	 {Boundary and Medial Shape Analysis of the Hippocampus in Schizophrenia},
  journal = 	 {Medical Image Analysis},
  year = 	 {2004},
  number = 	 {3},
  volume =       8,
  pages = 	 {197-203}
}

@Article{Styner05PNAS, 
  author = 	 {Styner, M. and Lieberman, J.A. and McClure, R.K. and Weingberger, D.R. and Jones, D.W. and Gerig, G.},
  title = 	 {Morphometric analysis of lateral ventricles in schizophrenia and healthy controls regarding genetic and disease-specific factors},
  journal = 	 {Proceedings of the National Academy of Science, PNAS},
  year = 	 {2005},
  number = 	 {12},
  volume =       102,
  pages = 	 {4872-4877}
}


@Article{Helenius05, 
  author = 	 {Helenius, L.M. and Hallikainen, D. and Helenius, I. and Meurman, J.H. and Könönen, M. and Leirisalo-Repo, M.},
  title = 	 {Clinical and radiographic findings of the temporomandibular joint in patients with various rheumatic diseases: A case control study},
  journal = 	 {Oral surgery, oral medicine, oral pathology, oral radiology, and endodontics},
  year = 	 {2005},
  number = 	 {99},
  volume =       4,
  pages = 	 {455-463}
}


@Article{Hatcher91,
  author =	 {Hatcher, D.C.},
  title = 	 {Craniofacial imaging},
  journal = 	 {Journal of the California Dental Association},
  year = 	 {1991},
  number = 	 {19},
  volume =       6,
  pages = 	 {27-34}
}

@Article{Hazlett05, 
  author = 	 {Hazlett, H.C. and Poe, M. and Gerig, G.},
  title = 	 {Magnetic resonance imaging and head circumference study of brain size in autism: birth through age 2 years},
  journal = 	 {Archives of General Psychiatry},
  year = 	 {2005},
  number = 	 {62},
  volume =       12,
  pages = 	 {1366-1376}
}


